@article{knuth_2021,
  title   = {Lernende Entscheidungsb√§ume},
  author  = {Knuth, Tobias},
  year    = {2021},
  journal = {Informatik Spektrum},
  number  = 5,
  pages   = {364--369},
  volume  = {44},
  url     = {https://doi.org/10.1007/s00287-021-01398-0}
}